@book{book:bungartz,
	year = "2013",
	title = "Modellbildung und Simulation",
	publisher = "Springer Spektrum, Heidelberg",
	author = "Hans-Joachim Bungartz, Martin Buchholz, Stefan Zimmert und Dirk Pflüger ",
}


% mdmv (Zitat Einleitung)
@article{article:dahmen:yves,
	year = "2011",
	journal = "Mitteilungen der DMV",
	volume = "19",
	pages = "76-80",
	title = "Yves Meyer – Träger des Gauß-Preises 2010",
  author = "Dahmen, Wolfgang"
}

% Game of Throwns
@book{book:grrm:asos,
	year = "2000",
	title = "A Storm Of Swords",
	publisher = "Bantam Books New York",
	author = "George R.R. Martin",
	note = "Bantam Books Mass Market Edition 2011"
}

% Statistische Mechanik

@book{book:khinchin:stat_mech,
	year = "1949",
	title = "Mathematical Foundations of Statistical Mechanics",
	publisher = "Dover Publications",
	author = "A.I. Khinchin"
}

% Zahhlentheorie (Erdös Copeland)
@article{article:erdoes:normaln,
	year = "1946",
	journal = "Bull. Amer. Math. Soc.",
	volume = "Volume 52 Number 10",
	pages = "857-860",
  title = "Note on normal numbers",
	author = "Copeland, Arthur H. und Erdös, Paul"
}


@book{book:saunders:cat,
	year = "1997",
	title = "Categories for the Working Mathematician",
	publisher = "Springer",
	author = "Saunders Mac Lane",
	note = "2. Auflage"
}

@book{book:schubert:kat,
	year = "1970",
	title = "Kategorien I",
	publisher = "Springer",
	author = "Horst Schubert",
}

% Topologie

@book{book:jaenich:top,
	year = "2005",
	title = "Topologie",
	publisher = "Springer",
	author = "Klaus Jänich",
	note = "8. Auflage"
}

% Maßtheorie

@book{book:elstrodt:mit,
	year = "2010",
	title = "Maß- und Integrationstheorie",
	publisher = "Springer",
	author = "Jürgen Elstrodt",
	note = "7. Auflage"
}

@book{book:brokate:mit,
	year = "2011",
	title = "Maß und Integral",
	publisher = "Birkhäuser",
	author = "Brokate, Martin und Kersting Götz",
}

% Funkana

@book{book:werner:hoehere_ana,
	year = "2006",
	title = "Einführung in die höhere Analysis: topologische Räume, Funktionentheorie, 
			 		 gewöhnliche Differentialgleichungen, Maß- und Integrationstheorie, Funktionalanalysis",
	publisher = "Springer",
	author = "Werner, Dirk"
}

@book{book:werner:funk_ana,
	year = "2011",
	title = "Funktionalanalysis",
	publisher = "Springer",
	author = "Werner, Dirk",
	note = "7. Auflage"
}

% Ergodentheorie

@book{book:teschl:ode,
	year = "2011",
	title = "Ordinary Differential Equations and Dynamical Systems",
	publisher = "American Mathematical Society",
	author = "Teschl, Gerald"
}

@book{book:denker:ana_dynsys,
	year = "2004",
	title = "Einführung in die Analysis dynamischer Systeme",
	publisher = "Springer",
	author = "Denker, Manfred",
}

@book{book:einsiedler:dyn_sys,
	year = "2014",
	title = "Dynamische Systeme: Ergodentheorie und topologische Dynamik",
	publisher = "Birkhäuser",
	author = "Einsiedler, Manfred Leopold und Schmidt, Klaus",
}

@book{book:einsiedler:ergo_theo,
	year = "2011",
	title = "Ergodic Theory with a view towards Number Theory",
	publisher = "Springer",
	author = "Einsiedler, Manfred Leopold und Ward, Thomas",
}

@book{book:brown:ergodic,
	year = "1976",
	title = "Ergodic Theory and Topological Dynamics",
	publisher = "Academic Press",
	author = "Brown, James R.",
}

@book{book:petersen:ergodic,
	year = "1983",
	title = "Ergodic theory",
	publisher = "Cambridge University Press",
	author = "Petersen, Karl"
}

@book{book:furstenberg:recurrence,
	year = "1980",
	title = "Recurrence in Ergodic Theory and Combinatorial Number Theory",
	publisher = "Princeton University Press",
	author = "Furstenberg, Harry"
}

@book{book:walters:intro_ergodic,
	year = "1982",
	title = "An Indroduction to Ergodic Theory",
	publisher = "Springer",
	author = "Walters, Peter"
}

@book{book:krengel:ergodic,
	year = "1985",
	title = "Ergodic Theorems",
	publisher = "de Gruyter",
	author = "Krengel, Ulrich"
}

@book{book:geon:compu_ergo,
	year = "2005",
	title = "Computational Ergodic Theory",
	publisher = "Springer",
	author = "Geon Ho Choe"
}

@book{book:jacobs:new_ergodic,
	year = "2013",
	title = "Neuere Methoden und Ergebnisse der Ergodentheorie",
	publisher = "Springer",
	author = "Jacobs, Konrad",
	note = "Nachdruck von 1960"
}

% ------- ALTE SACHEN --------

@book{book:dahmen,
	year = "2007",
	title = "Numerik für Ingenieure und Naturwissenschaftler",
	publisher = "Springer",
	author = "Dahmen, Wolfgang und Reusken, Arnold",
	note = "2. Auflage"
}

@book{book:polderman,
	year = "1997",
	title = "Introduction to the Mathematical Theory of Systems and Control",
	publisher = "Springer",
	author = "{Polderman, Jan Willem und Willems, Jan C.}",
}

@article{Dambrowski2013,
	author = "Dambrowski, Jonny",
	title = "Validation of Impedance-Data and of Impedance-Based Modeling Approach of Electrochemical Cells by Means of Mathematical System Theory",
	year = "2013"
}

